{
  "leader": "02153cam  2200601 a 4500",
  "fields": [
    {
      "001": "ocm82959288\\"
    },
    {
      "003": "OCoLC"
    },
    {
      "005": "20211115111013.0"
    },
    {
      "008": "061124s2006\\\\\\\\pe\\a\\\\\\\\\\b\\\\\\\\000\\0\\spa\\\\"
    },
    {
      "010": {
        "ind1": "\\",
        "ind2": "\\",
        "subfields": [
          {
            "a": "  2007436286"
          }
        ]
      }
    },
    {
      "040": {
        "ind1": "\\",
        "ind2": "\\",
        "subfields": [
          {
            "a": "NLM"
          },
          {
            "b": "eng"
          },
          {
            "c": "NLM"
          },
          {
            "d": "NDD"
          },
          {
            "d": "IXA"
          },
          {
            "d": "DLC"
          },
          {
            "d": "UBA"
          },
          {
            "d": "DEBBG"
          },
          {
            "d": "OCLCF"
          },
          {
            "d": "OCLCQ"
          },
          {
            "d": "OCLCO"
          },
          {
            "d": "OCLCQ"
          },
          {
            "d": "OCLCO"
          },
          {
            "d": "OCLCA"
          },
          {
            "d": "UKMGB"
          },
          {
            "d": "OCLCA"
          }
        ]
      }
    },
    {
      "016": {
        "ind1": "7",
        "ind2": "\\",
        "subfields": [
          {
            "a": "101297861"
          },
          {
            "2": "DNLM"
          }
        ]
      }
    },
    {
      "016": {
        "ind1": "7",
        "ind2": "\\",
        "subfields": [
          {
            "a": "013642306"
          },
          {
            "2": "Uk"
          }
        ]
      }
    },
    {
      "020": {
        "ind1": "\\",
        "ind2": "\\",
        "subfields": [
          {
            "a": "9789972511493"
          }
        ]
      }
    },
    {
      "020": {
        "ind1": "\\",
        "ind2": "\\",
        "subfields": [
          {
            "a": "9972511499"
          }
        ]
      }
    },
    {
      "035": {
        "ind1": "\\",
        "ind2": "\\",
        "subfields": [
          {
            "a": "(OCoLC)82959288"
          }
        ]
      }
    },
    {
      "042": {
        "ind1": "\\",
        "ind2": "\\",
        "subfields": [
          {
            "a": "nlmcopyc"
          }
        ]
      }
    },
    {
      "043": {
        "ind1": "\\",
        "ind2": "\\",
        "subfields": [
          {
            "a": "s-pe---"
          }
        ]
      }
    },
    {
      "050": {
        "ind1": "0",
        "ind2": "0",
        "subfields": [
          {
            "a": "RA441"
          },
          {
            "b": ".H67 2006"
          }
        ]
      }
    },
    {
      "060": {
        "ind1": "0",
        "ind2": "0",
        "subfields": [
          {
            "a": "2007 A-815"
          }
        ]
      }
    },
    {
      "060": {
        "ind1": "1",
        "ind2": "0",
        "subfields": [
          {
            "a": "WA 530.1"
          },
          {
            "b": "H673 2006"
          }
        ]
      }
    },
    {
      "082": {
        "ind1": "0",
        "ind2": "0",
        "subfields": [
          {
            "a": "362.1"
          },
          {
            "b": "HIS"
          }
        ]
      }
    },
    {
      "245": {
        "ind1": "0",
        "ind2": "0",
        "subfields": [
          {
            "a": "Historia, salud y globalizaci\ufffdon /"
          },
          {
            "c": "Marcos Cueto y V\ufffdictor Zamora, editores."
          }
        ]
      }
    },
    {
      "250": {
        "ind1": "\\",
        "ind2": "\\",
        "subfields": [
          {
            "a": "1. ed."
          }
        ]
      }
    },
    {
      "260": {
        "ind1": "\\",
        "ind2": "\\",
        "subfields": [
          {
            "a": "Lima :"
          },
          {
            "b": "Universidad Peruana Cayetano Heredia :"
          },
          {
            "b": "IEP Ediciones,"
          },
          {
            "c": "2006."
          }
        ]
      }
    },
    {
      "300": {
        "ind1": "\\",
        "ind2": "\\",
        "subfields": [
          {
            "a": "240 pages :"
          },
          {
            "b": "illustrations ;"
          },
          {
            "c": "21 cm."
          }
        ]
      }
    },
    {
      "336": {
        "ind1": "\\",
        "ind2": "\\",
        "subfields": [
          {
            "a": "text"
          },
          {
            "b": "txt"
          },
          {
            "2": "rdacontent"
          }
        ]
      }
    },
    {
      "337": {
        "ind1": "\\",
        "ind2": "\\",
        "subfields": [
          {
            "a": "unmediated"
          },
          {
            "b": "n"
          },
          {
            "2": "rdamedia"
          }
        ]
      }
    },
    {
      "338": {
        "ind1": "\\",
        "ind2": "\\",
        "subfields": [
          {
            "a": "volume"
          },
          {
            "b": "nc"
          },
          {
            "2": "rdacarrier"
          }
        ]
      }
    },
    {
      "490": {
        "ind1": "1",
        "ind2": "\\",
        "subfields": [
          {
            "a": "Lecturas contempor\ufffdaneas,"
          },
          {
            "x": "1026-2679 ;"
          },
          {
            "v": "5"
          }
        ]
      }
    },
    {
      "500": {
        "ind1": "\\",
        "ind2": "\\",
        "subfields": [
          {
            "a": "\"Salud global.\""
          }
        ]
      }
    },
    {
      "504": {
        "ind1": "\\",
        "ind2": "\\",
        "subfields": [
          {
            "a": "Includes bibliographical references (pages 211-240)."
          }
        ]
      }
    },
    {
      "650": {
        "ind1": "\\",
        "ind2": "0",
        "subfields": [
          {
            "a": "World health."
          }
        ]
      }
    },
    {
      "650": {
        "ind1": "\\",
        "ind2": "0",
        "subfields": [
          {
            "a": "Public health"
          },
          {
            "x": "International cooperation."
          }
        ]
      }
    },
    {
      "650": {
        "ind1": "\\",
        "ind2": "0",
        "subfields": [
          {
            "a": "Public health"
          },
          {
            "z": "Peru."
          }
        ]
      }
    },
    {
      "650": {
        "ind1": "\\",
        "ind2": "0",
        "subfields": [
          {
            "a": "Medical policy"
          },
          {
            "z": "Peru."
          }
        ]
      }
    },
    {
      "650": {
        "ind1": "1",
        "ind2": "2",
        "subfields": [
          {
            "a": "Global Health."
          }
        ]
      }
    },
    {
      "650": {
        "ind1": "2",
        "ind2": "2",
        "subfields": [
          {
            "a": "Health Policy."
          }
        ]
      }
    },
    {
      "650": {
        "ind1": "2",
        "ind2": "2",
        "subfields": [
          {
            "a": "Internationality."
          }
        ]
      }
    },
    {
      "650": {
        "ind1": "2",
        "ind2": "2",
        "subfields": [
          {
            "a": "Public Health."
          }
        ]
      }
    },
    {
      "651": {
        "ind1": "\\",
        "ind2": "2",
        "subfields": [
          {
            "a": "Peru."
          }
        ]
      }
    },
    {
      "650": {
        "ind1": "\\",
        "ind2": "7",
        "subfields": [
          {
            "a": "Medical policy."
          },
          {
            "2": "fast"
          },
          {
            "0": "(OCoLC)fst01014505"
          }
        ]
      }
    },
    {
      "650": {
        "ind1": "\\",
        "ind2": "7",
        "subfields": [
          {
            "a": "Public health."
          },
          {
            "2": "fast"
          },
          {
            "0": "(OCoLC)fst01082238"
          }
        ]
      }
    },
    {
      "650": {
        "ind1": "\\",
        "ind2": "7",
        "subfields": [
          {
            "a": "Public health"
          },
          {
            "x": "International cooperation."
          },
          {
            "2": "fast"
          },
          {
            "0": "(OCoLC)fst01082272"
          }
        ]
      }
    },
    {
      "650": {
        "ind1": "\\",
        "ind2": "7",
        "subfields": [
          {
            "a": "World health."
          },
          {
            "2": "fast"
          },
          {
            "0": "(OCoLC)fst01181338"
          }
        ]
      }
    },
    {
      "651": {
        "ind1": "\\",
        "ind2": "7",
        "subfields": [
          {
            "a": "Peru."
          },
          {
            "2": "fast"
          },
          {
            "0": "(OCoLC)fst01205190"
          }
        ]
      }
    },
    {
      "700": {
        "ind1": "1",
        "ind2": "\\",
        "subfields": [
          {
            "a": "Cueto, Marcos."
          }
        ]
      }
    },
    {
      "700": {
        "ind1": "1",
        "ind2": "\\",
        "subfields": [
          {
            "a": "Zamora, V\ufffdictor."
          }
        ]
      }
    },
    {
      "776": {
        "ind1": "0",
        "ind2": "8",
        "subfields": [
          {
            "i": "Online version:"
          },
          {
            "t": "Historia, salud y globalizaci\ufffdon."
          },
          {
            "b": "1. ed."
          },
          {
            "d": "Lima : Universidad Peruana Cayetano Heredia : IEP Ediciones, 2006"
          },
          {
            "w": "(OCoLC)656581432"
          }
        ]
      }
    },
    {
      "830": {
        "ind1": "\\",
        "ind2": "0",
        "subfields": [
          {
            "a": "Serie Lecturas contempor\ufffdaneas ;"
          },
          {
            "v": "5."
          }
        ]
      }
    },
    {
      "994": {
        "ind1": "\\",
        "ind2": "\\",
        "subfields": [
          {
            "a": "Z0"
          },
          {
            "b": "NYRVC"
          }
        ]
      }
    },
    {
      "948": {
        "ind1": "\\",
        "ind2": "\\",
        "subfields": [
          {
            "h": "NO HOLDINGS IN NYRVC - 34 OTHER HOLDINGS"
          }
        ]
      }
    },
    {
      "999": {
        "ind1": "\\",
        "ind2": "\\",
        "subfields": [
          {
            "a": "00000000012222"
          }
        ]
      }
    }
  ]
}